@inproceedings{kajiya1986rendering,
  title={The rendering equation},
  author={Kajiya, James T},
  booktitle={Proceedings of the 13th Annual Conference on Computer Graphics and Interactive Techniques},
  pages={143--150},
  year={1986}
}

@book{jensen2001realistic,
  title={Realistic image synthesis using photon mapping},
  author={Jensen, Henrik Wann},
  volume={364},
  year={2001},
  publisher={Ak Peters Natick}
}